    %%%%%%%%%%%%%%%% Intro BibTex items
    %%%%%%%%%%%%%%%%%%%%%%%%%%%%%
   @article{Chitambar2019,
        issn = {0034-6861},
        journal = {Reviews of modern physics},
        volume = {91},
        number = {2},
        year = {2019},
        title = {Quantum resource theories},
        copyright = {http://arxiv.org/licenses/nonexclusive-distrib/1.0},
        language = {eng},
        author = {Chitambar, Eric and Gour, Gilad},
        keywords = {Physics - Quantum Physics},
        url = {https://doi.org/10.48550/arXiv.1806.06107}
    }

    @misc{CISCO2020,
        title = {Post Quantum Security Brief},
        url = {https://www.cisco.com/c/en/us/products/collateral/optical-networking/solution-overview-c22-743948.html},
        year = {2020},
        publisher = {CISCO},
        author = {CISCO}
    }
    
    @article{Preskill2018,
        issn = {2521-327X},
        journal = {Quantum},
        pages = {79},
        volume = {2},
        publisher = {Verein zur FÃ¶rderung des Open Access Publizierens in den Quantenwissenschaften},
        year = {2018},
        title = {Quantum Computing in the NISQ era and beyond},
        copyright = {http://creativecommons.org/licenses/by/4.0},
        language = {eng},
        author = {Preskill, John},
        url = {https://doi.org/10.48550/arXiv.1801.00862}
    }

    @misc{Leermakers2019,
        year = {2020},
        title = {Quantum Alice and Silent Bob: Qubit-based Quantum Key Recycling with almost no classical communication},
        copyright = {http://arxiv.org/licenses/nonexclusive-distrib/1.0},
        language = {eng},
        author = {Leermakers, Daan and Skoric, Boris},
        keywords = {Physics - Quantum Physics},
        publisher = {arXiv.org},
        url = {https://doi.org/10.48550/arXiv.2003.11799}
    }

    @inproceedings{Wang2021,
        author={{Wang, Zewei et al.}},
        booktitle={2021 5th IEEE Electron Devices Technology Manufacturing Conference (EDTM)}, 
        title={{Designing EDA-Compatible Cryogenic CMOS Platform for Quantum Computing Applications}}, 
        year={2021},
        volume={},
        number={},
        pages={1-3},
        url = {https://doi.org/10.1109/EDTM50988.2021.9420957}
        }
  
    @book{Stefanovic2008,
        title       = "Structured Analog Design",
        author      = {{Stefanovic, Danica and Kayal, Maher}},
        year        = 2008,
        publisher   = "Springer Netherlands",
        isbn        = "978-1-4020-8572-7"
        }
  
    @INPROCEEDINGS{Sebastiano2017,
        author={{Sebastiano, Fabio et al.}},
        booktitle={2017 7th IEEE International Workshop on Advances in Sensors and Interfaces (IWASI)}, 
        title={Cryogenic {CMOS} interfaces for quantum devices}, 
        year={2017},
        volume={},
        number={},
        pages={59-62},
        url={https://doi.org/10.1109/IWASI.2017.7974215}
        }
        
  @ARTICLE{Simoen2001,
        author={{Simoen, Eddy and Claeys, Cor}},
        journal={IEEE Transactions on Electron Devices}, 
        title={Impact of {CMOS} processing steps on the drain current kink of {NMOSFETs} at liquid helium temperature}, 
        year={2001},
        volume={48},
        number={6},
        pages={1207-1215},
        url={https://doi.org/10.1109/16.925249}
        }
        
    @INPROCEEDINGS{Shin2014,  
        author={{Shin, Minju et al.}},
        booktitle={2014 11th International Workshop on Low Temperature Electronics (WOLTE)},
        title={Low temperature characterization of 14nm {FDSOI CMOS} devices},
        year={2014},
        volume={},
        number={},
        pages={29-32},
        url={https://doi.org/10.1109/WOLTE.2014.6881018}
        }

    @ARTICLE{Blokhina2020,
      author={{Blokhina, Elena and et al.}},
      journal={IEEE Access}, 
      title={{CMOS Position-Based Charge Qubits: Theoretical Analysis of Control and Entanglement}}, 
      year={2020},
      volume={8},
      number={},
      pages={4182-4197},
      url={https://doi.org/10.1109/ACCESS.2019.2960684}
    }

@article{ChenTao2020HaRG,
issn = {2331-7019},
journal = {Physical review applied},
volume = {14},
number = {6},
year = {2020},
title = {High-Fidelity and Robust Geometric Quantum Gates that Outperform Dynamical Ones},
copyright = {Copyright 2020 Elsevier B.V., All rights reserved.},
language = {eng},
author = {Chen, Tao and Xue, Zheng-Yuan},
keywords = {Physics - Quantum Physics},
url = {https://doi.org/10.48550/arXiv.2001.05789}
}


@book{Pontryagin1962,
author = {Pontryagin, L. S.},
title = {The Mathematical Theory of Optimal Processes},
publisher = {Interscience},
address = {New York},
year = {1962},
isbn = {9782881240775}
}

@Article{Shenoy2020,
    author={Shenoy, Kishore S.
    and Sheth, Dev Y.
    and Behera, Bikash K.
    and Panigrahi, Prasanta K.},
    title={Demonstration of a measurement-based adaptation protocol with quantum reinforcement learning on the IBM Q experience platform},
    journal={Quantum Information Processing},
    year={2020},
    month={Apr},
    day={02},
    volume={19},
    number={5},
    pages={161},
    issn={1573-1332},
    doi={10.1007/s11128-020-02657-x},
    url={https://doi.org/10.1007/s11128-020-02657-x}
}

@article{Kober2013,
    author = {Jens Kober and J. Andrew Bagnell and Jan Peters},
    title ={Reinforcement learning in robotics: A survey},
    journal = {The International Journal of Robotics Research},
    volume = {32},
    number = {11},
    pages = {1238-1274},
    year = {2013},
    URL = {https://doi.org/10.1177/0278364913495721}
}

@article{Shao2019,
  author    = {Kun Shao and
               Zhentao Tang and
               Yuanheng Zhu and
               Nannan Li and
               Dongbin Zhao},
  title     = {A Survey of Deep Reinforcement Learning in Video Games},
  journal   = {CoRR},
  volume    = {abs/1912.10944},
  year      = {2019},
  eprinttype = {arXiv},
  eprint    = {1912.10944},
  timestamp = {Tue, 01 Sep 2020 23:31:48 +0200},
  biburl    = {https://dblp.org/rec/journals/corr/abs-1912-10944.bib},
  bibsource = {dblp computer science bibliography, https://dblp.org},
  url       = {https://doi.org/10.48550/arXiv.1912.10944}
}

@article{Dunjko2016,
  title = {Quantum-Enhanced Machine Learning},
  author = {Dunjko, Vedran and Taylor, Jacob M. and Briegel, Hans J.},
  journal = {Phys. Rev. Lett.},
  volume = {117},
  issue = {13},
  pages = {130501},
  numpages = {6},
  year = {2016},
  month = {Sep},
  publisher = {American Physical Society},
  url = {https://doi.org/10.1103/PhysRevLett.117.130501}
}

